@book{RN48,
   author = {波尔拉 and 刘威鑫},
   title = {空时无线通信导论: 翻译版},
   year = {2007},
   type = {Book}
}

@article{RN45,
   author = {李青侠 and 张力},
   title = {无线通信中的多天线技术综述},
   journal = {计算机与数字工程},
   number = {09},
   pages = {68-72},
   ISSN = {1672-9722},
   year = {2006},
   type = {Journal Article}
}

@article{RN43,
   author = {林长星 and 张健 and 邵贝贝},
   title = {高速无线通信技术研究综述},
   journal = {信息与电子工程},
   volume = {10},
   number = {04},
   pages = {383-389},
   ISSN = {1672-2892},
   year = {2012},
   type = {Journal Article}
}

@phdthesis{RN46,
   author = {刘陈},
   title = {无线通信系统中的空时编码技术},
   university = {东南大学},
   type = {博士},
   year = {2005},
   type = {Thesis}
}

@article{RN41,
   author = {孙韶辉 and 高秋彬 and 苏昕 and 李辉},
   title = {5G大规模波束赋形技术综述},
   journal = {无线电通信技术},
   volume = {45},
   number = {06},
   pages = {576-584},
   ISSN = {1003-3114},
   year = {2019},
   type = {Journal Article}
}

@article{RN44,
   author = {王康年 and 李常春 and 刘红云 and 薛笑芳},
   title = {空时编码研究进展综述},
   journal = {无线电通信技术},
   volume = {38},
   number = {02},
   pages = {1-5},
   ISSN = {1003-3114},
   year = {2012},
   type = {Journal Article}
}

@article{RN42,
   author = {杨绿溪 and 何世文 and 王毅 and 代海波},
   title = {面向5G无线通信系统的关键技术综述},
   journal = {数据采集与处理},
   volume = {30},
   number = {03},
   pages = {469-485},
   ISSN = {1004-9037},
   year = {2015},
   type = {Journal Article}
}

@article{LTEref,
   author = {毕奇 and 谢伟良 and 陈鹏},
   title = {LTE多天线技术发展趋势},
   journal = {电信科学},
   volume = {30},
   number = {10},
   pages = {1-7},
   ISSN = {1000-0801},
   year = {2014},
   type = {Journal Article}
}

@article{zhy,
   author = {褚好迎 and 苏胜君},
   title = {无线通信系统中发射分集技术研究},
   journal = {电子科技},
   volume = {29},
   number = {11},
   pages = {19-21},
   ISSN = {1007-7820},
   year = {2016},
   type = {Journal Article}
}

@article{hlj,
   author = {韩丽君},
   title = {MIMO系统中的分集技术},
   journal = {科学技术与工程},
   volume = {12},
   number = {14},
   pages = {3490-3492},
   ISSN = {1671-1815},
   year = {2012},
   type = {Journal Article}
}

@phdthesis{jx,
   author = {景秀},
   title = {无线网络中协作分集技术研究},
   university = {大连理工大学},
   type = {硕士},
   year = {2008},
   type = {Thesis}
}

@article{mhy,
   author = {马洪源 and 肖子玉 and 卜忠贵},
   title = {5G标准及产业进展综述},
   journal = {电信工程技术与标准化},
   volume = {31},
   number = {03},
   pages = {23-27},
   ISSN = {1008-5599},
   year = {2018},
   type = {Journal Article}
}

@article{wc,
   author = {王超 and 廖桂生 and 张林让 and 吴顺君},
   title = {空时编码技术及其展望},
   journal = {西安电子科技大学学报},
   number = {05},
   pages = {634-639+662},
   ISSN = {1001-2400},
   year = {2003},
   type = {Journal Article}
}

@article{lgs,
   author = {许晓红 and 廖桂生 and 李勇朝 and 王峰},
   title = {基于分层结构的空时分组码},
   journal = {电波科学学报},
   number = {02},
   pages = {129-134},
   ISSN = {1005-0388},
   year = {2004},
   type = {Journal Article}
}

@article{zhq,
   author = {张虹琼},
   title = {5G移动通信技术现状与发展趋势},
   journal = {科学技术创新},
   number = {35},
   pages = {98-99},
   ISSN = {2096-4390},
   year = {2018},
   type = {Journal Article}
}

@article{zcq,
   author = {张长青},
   title = {面向5G的大规模MIMO天线阵列研究},
   journal = {邮电设计技术},
   number = {03},
   pages = {34-39},
   ISSN = {1007-3043},
   year = {2016},
   type = {Journal Article}
}

